% Encoding: UTF-8

@Article{REF_2典型电能质量稳态指标预测模型研究,
  author  = {林顺富 汤继开 汤波 李东东 符杨},
  title   = {典型电能质量稳态指标预测模型研究[J]},
  journal = {电网技术},
  year    = {2018},
  volume  = {42},
  number  = {02},
  pages   = {614-620},
}

@Article{REF_3电能质量在线监测系统在故障抢修处理中的应用,
  author  = {李晨曦 李时},
  title   = {电能质量在线监测系统在故障抢修处理中的应用[J]},
  journal = {电工技术},
  year    = {2018},
  volume  = {24},
  pages   = {9-10+12},
}

@Article{REF_4无线传感自组网在电力监控中的应用动态,
  author  = {黄绪勇 刘沛 苗世洪 吴昕},
  title   = {无线传感自组网在电力监控中的应用动态[J]},
  journal = {电力系统自动化},
  year    = {2007},
  volume  = {07},
  pages   = {99-103},
}

@Article{REF_6AdHoc网络的发展及其在军事通信中的应用,
  author  = {黄全乐},
  title   = {Ad Hoc网络的发展及其在军事通信中的应用[J]},
  journal = {国防技术基础},
  year    = {2006},
  volume  = {12},
  pages   = {42-46},
}

@Book{REF_1电能质量检测,
  title     = {现代电能质量检测、分析与控制技术[M]},
  publisher = {机械工业出版社},
  year      = {2016},
  author    = {翁国庆等},
}

@Article{REF_9无线自组网在野战防空通信系统中的应用,
  author  = {周吉超 顾文珊},
  title   = {无线自组网在野战防空通信系统中的应用[J]},
  journal = {数字技术与应用},
  year    = {2016},
}

@Article{REF_5应急通信保障中无线自组网技术的应用,
  author  = {赵淼 郑珊珊},
  title   = {应急通信保障中无线自组网技术的应用[J]},
  journal = {电子技术与软件工程},
  year    = {2019},
  number  = {03},
  pages   = {18},
}

@Article{REF_11电能质量监测系统研究现状及发展趋势,
  author  = {赵磊},
  title   = {电能质量监测系统研究现状及发展趋势[J]},
  journal = {中国战略新兴产业},
  year    = {2018},
  number  = {40},
  pages   = {25},
}

@Article{REF_12数据驱动电能质量分析现状及其支撑技术与展望,
  author  = {张宇帆 艾芊 肖斐 张昭丞 谢善益},
  title   = {数据驱动电能质量分析现状及其支撑技术与展望[J]},
  journal = {电力自动化设备},
  year    = {2018},
  volume  = {38},
  number  = {11},
  pages   = {187-196},
}

@INPROCEEDINGS{REF_7PollutionMonitor,
author={T. {Landolsi} and A. {Sagahyroon} and M. {Mirza} and O. {Aref} and F. {Maki} and S. {Maki}}, 
booktitle={2018 IEEE Conference on Wireless Sensors (ICWiSe)}, 
title={Pollution Monitoring System using Position-Aware Drones with 802.11 Ad-Hoc Networks}, 
year={2018}, 
volume={}, 
number={}, 
pages={40-43}, 
doi={10.1109/ICWISE.2018.8633285}, 
ISSN={}, 
month={Nov},}

@INPROCEEDINGS{REF_8SystemDesign, 
author={B. {Ren} and X. {Zhang} and X. {Gou}}, 
booktitle={2016 12th International Conference on Mobile Ad-Hoc and Sensor Networks (MSN)}, 
title={System Design of High Speed Ad Hoc Networking with Directional Antenna}, 
year={2016}, 
volume={}, 
number={}, 
pages={429-433}, 
doi={10.1109/MSN.2016.079}, 
ISSN={}, 
month={Dec},}

@ARTICLE{REF_10LargeScale, 
author={S. {Elphick} and P. {Ciufo} and G. {Drury} and V. {Smith} and S. {Perera} and V. {Gosbell}}, 
journal={IEEE Transactions on Power Delivery}, 
title={Large Scale Proactive Power-Quality Monitoring: An Example From Australia}, 
year={2017}, 
volume={32}, 
number={2}, 
pages={881-889}, 
doi={10.1109/TPWRD.2016.2562680}, 
ISSN={0885-8977}, 
month={April},}

@Article{REF_13浅探应急通信保障中无线自组网技术的应用,
  author  = {乐园},
  title   = {浅探应急通信保障中无线自组网技术的应用[J]},
  journal = {中国新通信},
  year    = {2019},
  volume  = {21},
  number  = {04},
  pages   = {35},
}

@Article{REF_14基于无线自组网的可穿戴电力检修设备通信算法,
  author  = {程鹏},
  title   = {基于无线自组网的可穿戴电力检修设备通信算法[J]},
  journal = {电子技术与软件工程},
  year    = {2018},
  number  = {06},
  pages   = {26-28},
}

@Comment{jabref-meta: databaseType:bibtex;}
